@book{webb2007game,
  title = {Game theory: decisions, interaction and Evolution},
  author = {Webb, James N},
  year = {2007},
  publisher = {Springer Science \& Business Media}
}

@article{gonzalez2010introductory,
  title = {An introductory course on mathematical game theory},
  author = {Gonz{\'a}lez-D{\i}az, Julio and Garc{\i}a-Jurado, Ignacio and Fiestras-Janeiro, M Gloria},
  journal = {Graduate studies in mathematics},
  volume = {115},
  year = {2010}
}

@article{mathieu2017new,
  title = {New winning strategies for the iterated prisoner's dilemma},
  author = {Mathieu, Philippe and Delahaye, Jean-Paul},
  year = {2017},
  publisher = {SimSoc Consortium}
}

@misc{lavrov,
  author       = {Mikhail Lavrov},
  title        = {Lecture 19: Zero-Sum Games II},
  year         = {2020}
}

@misc{mansour,
  author       = {Yishay Mansour, Yair Halevi, Daniel Deutch},
  title        = {Lecture 4: 2-Player Zero Sum Games},
  year         = {2003}
}